%%%%%%%%%%%%%%%%%%%%%%%%%%%%%%%%%%%%%%%%%%%%%
%% Base Bibliográfica
%% Copyright 2006 Eliézio Batista de Oliveira
%%%%%%%%%%%%%%%%%%%%%%%%%%%%%%%%%%%%%%%%%%%%%

@book{Schneier,
	author		= {Bruce Schneier},
	title		= {{Applied Cryptography: Protocols, Algorithms, and Source Code in C}},
	edition		= {2nd.},
	publisher	= {John Wiley \& Sons},
	address		= {New York, NY, USA},
	year		= {1995},
	isbn		= {0-471-11709-9}
}

@book{hac,
	author 		= {Alfred J. Menezes and Paul C. Van Oorschot and Scott A. Vanstone},
	title 		= {{Handbook of Applied Cryptography}},
	year 		= {1996},
	isbn 		= {0-8493-8523-7},
	publisher 	= {CRC Press},
	address 	= {Boca Raton, FL, USA},
	url			= {http://www.cacr.math.uwaterloo.ca/hac/}
}
 
@book{Rescorla,
	author		= {Eric Rescorla},
	title		= {{SSL and TLS: Designing and Building Secure Systems}},
	publisher	= {Addison-Wesley},
	address 	= {Boston, MA, USA},
	year		= {2000},
	isbn		= {0-201-61598-3}
}

@book{Thomas,
	author		= {Stephen Thomas},
	title		= {{SSL and TLS Essentials - Securing the Web}},
	publisher	= {John Wiley \& Sons},
	address   	= {New York, NY, USA},
	year		= {2000},
	isbn		= {0-471-38354-6}
}

@book{opensslbook,
	author 		= {Jon Viega and Matt Messier and Pravir Chandra},
	title 		= {{Network Security with OpenSSL}},
	year 		= {2002},
	isbn 		= {0-596-00270-X},
	publisher 	= {O'Reilly \& Associates},
	address 	= {Sebastopol, CA, USA},
	url				= {http://www.opensslbook.com/}
}

@book{pki_book,
	author		= {Carlisle Adams and Steve Lloyd},
	title		= {{Understanding PKI: Concepts, Standards, and Deployment Considerations}},
	edition		= {2nd.},
	publisher	= {Addison Wesley},
	address 	= {Boston, MA, USA},
	year		= {2002},
	isbn		= {0-672-32391-5}
}

@article{hmac_cb,
	author		= {Mihir Bellare and Ran Canetti and Hugo Krawczyk},
	title		= {{Message authentication using hash functions: The HMAC construction}},
	publisher	= {RSA Laboratories},
	journal		= {CryptoBytes},
	volume		= {2},
	number		= {1},
	year		= {1996},
	url			= {http://www-cse.ucsd.edu/~mihir/papers/hmac.html\#hmac-cryptobytes}
}

@article{Stallings,
	author		= {William Stallings},
	title		= {{SSL: Foundation for Web Security}},
	publisher	= {Cisco Systems, Inc.},
	journal		= {The Internet Protocol Journal},
	volume		= {1},
	number		= {1},
	year		= {1998},
	url			= {http://www.cisco.com/web/about/ac123/ac147/archived_issues/ipj_1-1/ssl.html}
}

@misc{rfc_hmac,
	author		= {Hugo Krawczyk and Mihir Bellare and Ran Canetti},
	title		= {{RFC} 2104: {HMAC: Keyed-Hashing for Message Authentication}},
	organization	= {Internet Activities Board},
	year		= {1997},
	url			= {http://www.ietf.org/rfc/rfc2104.txt}
}

@misc{fips_des,
	organization= {National Institute of Standards and Technology},
	org-short	= {NIST},
	title		= {{FIPS PUB 46-2: Data Encryption Standard}},
	year		= {1988},
	url			= {http://www.itl.nist.gov/fipspubs/fip46-2.htm}
}

@misc{ansi_3des,
  title 	 =	{{ANSI draft X9.52}, Triple Data Encryption Algorithm Modes of Operation},
  revision = {6.0},
  organization = {American National Standards Institute},
  year 		 = {1996}
}

@misc{fips_sha1,
	organization= {National Institute of Standards and Technology},
	org-short	= {NIST},
	title		= {{FIPS PUB 180-1: Secure Hash Standard}},
	year		= {1995},
	url			= {http://www.itl.nist.gov/fipspubs/fip180-1.htm}
}

@misc{fips_dss,
	organization= {National Institute of Standards and Technology},
	org-short	= {NIST},
	title		= {{FIPS PUB 186: Digital Signature Standard}},
	year		= {1994},
	url			= {http://www.itl.nist.gov/fipspubs/fip186.htm}
}

@book{idea,
	author 		= "X. Lai",
	title 		= "On the Design and Security of Block Ciphers",
	series 		=	"ETH Series in Information Processing",
	isbn			= "3-89191-573-X",
	publisher = "Konstanz",
	address 	= "Hartung-Gorre, Germany",
	year 		= "1992",
}

@misc{rfc_md5,
	author		= {R. Rivest},
	title		= {{RFC} 1321: The {MD5 Message-Digest Algorithm}},
	organization = {Internet Activities Board},
	year		= {1992},
	url			= {http://www.ietf.org/rfc/rfc1321.txt}
}
   
@misc{rfc_rc2,
	author		= {R. Rivest},
	title		= {{RFC} 2268: A {Description of the RC2 Encryption Algorithm}},
	organization	= {Internet Activities Board},
	year		= {1998},
	url			= {http://www.ietf.org/rfc/rfc2268.txt}
}
   
@misc{rfc_rc4,
	author		= {Kalle Kaukonen and Rodney Thayer},
	title		= {{A Stream Cipher Encryption Algorithm}},
	organization	= {Internet Activities Board},
	year		= {1999},
	url			= {http:/www.mozilla.org/projects/security/pki/nss/draft-kaukonen-cipher-arcfour-03.txt}
}

@article{rsa,
	author 		= {R. L. Rivest and A. Shamir and L. Adleman},
	title 		= {{A method for obtaining digital signatures and public-key cryptosystems}},
	journal 	= {Commun. ACM},
	volume 		= {21},
	number 		= {2},
	year 		= {1978},
	issn 		= {0001-0782},
	pages 		= {120--126},
	doi 		= {http://doi.acm.org/10.1145/359340.359342},
	publisher 	= {ACM Press},
	address 	= {New York, NY, USA}
}

@article{dh76,
	author		= {Whitfield Diffie and Martin E. Hellman},
	title 		= {{New Directions in Cryptography}},
	journal 	= {IEEE Transactions on Information Theory},
	volume 		= {IT-22},
	number 		= {6},
	pages 		= {644--654},
	date 		= {November 1976},
	year 		= {1976},
	url				= {http://www-ee.stanford.edu/~hellman/publications/24.pdf}
}

@misc{rfc_x509,
	author 		= {Russell Housley and Tim Polk and Warwick Ford and David Solo},
 	title 		= {{RFC} 3280: {Internet X.509 Public Key Infrastructure Certificate and Certificate Revocation List (CRL) Profile}},
	organization= {Internet Activities Board},
 	year 		= {2002},
 	publisher 	= {RFC Editor},
	url			= {http://www.ietf.org/rfc/rfc3280.txt}
}

@misc{rfc_ocsp,
	author 		= {Michael Myers and Rich Ankney and Ambarish Malpani and Slava Galperin and Carlisle Adams},
 	title 		= {{RFC} 2560: {X.509 Internet Public Key Infrastructure Online Certificate Status Protocol - OCSP}},
	organization= {Internet Activities Board},
 	year 		= {1999},
 	publisher 	= {RFC Editor},
	url			= {http://www.ietf.org/rfc/rfc2560.txt}
}

@misc{rfc_http,
	author		= {Roy T. Fielding and James Gettys and Jeffrey C. Mogul and Henrik Frystyk Nielsen and Larry Masinter and Paul J. Leach and Tim Berners-Lee},
	title		= {{RFC} 2616: Hypertext Transfer Protocol -- HTTP/1.1},
	organization= {Internet Activities Board},
	year		= {1999},
 	publisher 	= {RFC Editor},
	url			= {http://www.ietf.org/rfc/rfc2616.txt}
}

@misc{rfc_tls,
	author		= {T. Dierks and C. Allen},
	title		= {{RFC} 2246: The {TLS Protocol Version 1.0}},
	organization= {Internet Activities Board},
	year		= {1999},
 	publisher 	= {RFC Editor},
	url			= {http://www.ietf.org/rfc/rfc2246.txt}
}

@misc{rfc_tlsext,
	author		= {Simon Blake-Wilson and Magnus Nystrom and David Hopwood and Jan Mikkelsen and Tim Wright},
	title		= {{RFC} 3546: {Transport Layer Security (TLS) Extensions}},
	organization= {Internet Activities Board},
	year		= {2003},
	url			= {http://www.ietf.org/rfc/rfc3546.txt}
}

@misc{openssl,
	organization= {The OpenSSL Core Team},
	title		= {{OpenSSL}},
	year		= {2005},
	url			= {http://www.openssl.org/}
}

@misc{Ethereal,
	author 		= {Gerald Combs and others},
	title		= {{Ethereal: A Network Protocol Analyzer}},
	year		= {2005},
	url			= {http://www.ethereal.com}
}

@misc{gnutls,
	organization = {Free Software Foundation},
	title		= {{{GnuTLS}: The GNU Transport Layer Security Library}},
	year		= {2005},
	url			= {http://www.gnu.org/software/gnutls/}
}


@misc{opera9,
	organization= {Opera Software ASA},
	title		= {{Opera 9 Technology Preview 2}},
	year		= {2006},
	url			= {http://labs.opera.com/downloads/}
}

@misc{Libcurl,
	author 		= {Daniel Stenberg},
	title		= {{libcurl: the multiprotocol file transfer library}},
	year		= {2005},
	url			= {http://curl.haxx.se/libcurl/}
}

@misc{Steffen,
	author 		= {Andreas Steffen},
	title		= {{Sichere Netzwerkkommunikation - Overview}},
	year		= {2004},
	url			= {http://www-t.zhwin.ch/it/snk/}
}

@misc{Cryptofaq,
	organization= {RSA Laboratories},
	org-short	= {RSALABS},
	title		= {{Frequently Asked Questions about Today's Cryptography}},
	edition		= {4.1},
	year		= {2000},
	url			= {http://www.rsasecurity.com/rsalabs/node.asp?id=2177}
}
